@article{naus2009paper,
  title={From paper to pixels: A comparison of paper and computer formats in psychological assessment},
  author={Naus, Mary J and Philipp, Laura M and Samsi, Mekhala},
  journal={Computers in Human Behavior},
  volume={25},
  number={1},
  pages={1--7},
  year={2009},
  publisher={Elsevier}
}

@article{cronbach1951coefficient,
  title={Coefficient alpha and the internal structure of tests},
  author={Cronbach, Lee J},
  journal={psychometrika},
  volume={16},
  number={3},
  pages={297--334},
  year={1951},
  publisher={Springer}
}

@article{rosenberg1965rosenberg,
  title={Rosenberg self-esteem scale},
  author={Rosenberg, Morris},
  journal={Journal of Religion and Health},
  year={1965}
}

@article{spielberger1983state,
  title={State-trait anxiety inventory for adults},
  author={Spielberger, Charles D},
  year={1983}
}

@article{rotter1966generalized,
  title={Generalized expectancies for internal versus external control of reinforcement.},
  author={Rotter, Julian B},
  journal={Psychological monographs: General and applied},
  volume={80},
  number={1},
  pages={1},
  year={1966},
  publisher={American Psychological Association}
}

@article{eysenck1968eysenck,
  title={Eysenck personality inventory},
  author={Eysenck, Hans J and Eysenck, Sybil BG},
  journal={Journal of Clinical Psychology},
  year={1968}
}